% References and Works Cited - APA Style
% Generated from KG-perseus project university profiles and analysis

% ============================================================================
% ACADEMIC JOURNALS AND PUBLICATIONS
% ============================================================================

@article{saf2022accreditation,
  title={SAF 2022 Accreditation Committee Actions},
  journal={Journal of Forestry},
  volume={121},
  number={2},
  pages={207},
  year={2022},
  publisher={Oxford Academic},
  url={https://academic.oup.com/jof/article/121/2/207/7078075},
  note={Accessed May 4, 2025}
}

@article{saf2021accreditation,
  title={SAF 2021 Accreditation Committee Actions and Accredited Curricula for 2022},
  journal={Journal of Forestry},
  volume={120},
  number={2},
  pages={227},
  year={2021},
  publisher={Oxford Academic},
  url={https://academic.oup.com/jof/article/120/2/227/6540921},
  note={Accessed May 4, 2025}
}

@article{saf2019accreditation,
  title={SAF 2019 Accreditation Actions},
  journal={Journal of Forestry},
  volume={118},
  number={2},
  pages={205},
  year={2019},
  publisher={Oxford Academic},
  url={https://academic.oup.com/jof/article/118/2/205/5771051},
  note={Accessed May 4, 2025}
}

@article{parajuli2023,
  author={Parajuli, A. and others},
  title={Deep learning applications in forestry and natural resources},
  journal={Forest Science},
  year={2023},
  note={Cited in Auburn University profile}
}

@article{paris2016,
  author={Paris, S. and others},
  title={Plant growth and development: From genes to networks},
  journal={Frontiers in Plant Science},
  volume={7},
  pages={1207},
  year={2016},
  publisher={Frontiers},
  url={https://www.frontiersin.org/journals/plant-science/articles/10.3389/fpls.2016.01207/full},
  note={Accessed May 4, 2025}
}

@article{forests2022,
  title={Modeling Aboveground Forest Biomass: New Developments},
  journal={Forests and Global Change},
  volume={2022},
  pages={1039908},
  year={2022},
  publisher={Frontiers},
  url={https://www.frontiersin.org/journals/forests-and-global-change/articles/10.3389/ffgc.2022.1039908/full},
  note={Accessed May 4, 2025}
}

% ============================================================================
% CONFERENCE PROCEEDINGS AND SYMPOSIA
% ============================================================================

@conference{cnrep2019,
  title={CNREP 2019 Final Pre Conference Program},
  year={2019},
  organization={Louisiana State University},
  url={http://www.cnrep.lsu.edu/pdfs/CNREP-2019-program-final.pdf},
  note={Accessed May 4, 2025}
}

@conference{pearc18,
  title={PEARC18 Program},
  year={2018},
  organization={PEARC Conference Series},
  url={https://pearc.acm.org/archive/schedule/pearc18/PEARC18-schedule-with-abstract.pdf},
  note={Accessed May 4, 2025}
}

@conference{usenix2014,
  title={Conference Program},
  year={2014},
  organization={USENIX LISA14},
  url={https://www.usenix.org/conference/lisa14/conference-program},
  note={Accessed May 7, 2025}
}

@conference{icsa2025,
  title={Course Catalog - 2025 ICSA Applied Statistics Symposium},
  year={2025},
  organization={ICSA},
  url={https://symposium2025.icsa.org/course-catalog/},
  note={Accessed May 7, 2025}
}

% ============================================================================
% UNIVERSITY STRATEGIC DOCUMENTS AND REPORTS
% ============================================================================

@report{purdue2021,
  title={Purdue Next Moves: Strategic Plan},
  institution={Purdue University},
  year={2021},
  url={https://www.purdue.edu/president/strategic-initiatives/next-moves/},
  note={Strategic planning document}
}

@report{uga2022,
  title={University of Georgia Strategic Plan},
  institution={University of Georgia},
  year={2022},
  note={Strategic planning document}
}

@report{lsu2024,
  title={LSU IEI Annual Report 2024},
  institution={Louisiana State University},
  year={2024},
  publisher={Baton Rouge Business Report},
  url={https://issuu.com/batonrougebusinessreport/docs/lsu_iei_annual_report_2024},
  note={Accessed May 4, 2025}
}

% ============================================================================
% RESEARCH INSTITUTES AND CENTERS
% ============================================================================

@techreport{idif2024,
  title={Institute for Digital Forestry: Annual Report},
  institution={Purdue University},
  year={2024},
  note={Digital forestry research institute}
}

@techreport{isf2024,
  title={Institute for a Sustainable Future: Strategic Plan},
  institution={Purdue University},
  year={2024},
  note={Sustainability research institute}
}

@techreport{htirc2024,
  title={Hardwood Tree Improvement and Regeneration Center: Strategic Plan},
  institution={Purdue University},
  year={2024},
  note={Hardwood research center}
}

% ============================================================================
% GOVERNMENT AND FEDERAL DOCUMENTS
% ============================================================================

@techreport{usda2024,
  title={National AI Research Institutes},
  institution={National Science Foundation},
  year={2024},
  url={https://nsf-gov-resources.nsf.gov/2023-08/AI_Research_Institutes_Map_2023_0.pdf},
  note={Accessed May 3, 2025}
}

@techreport{aiira2024,
  title={AI Institute for Resilient Agriculture (AIIRA)},
  institution={Iowa State University},
  year={2024},
  url={https://portal.nifa.usda.gov/web/crisprojectpages/1027030-ai-institute-aiira-ai-institute-for-resilient-agriculture.html},
  note={Accessed May 3, 2025}
}

% ============================================================================
% UNIVERSITY WEBSITES AND ONLINE RESOURCES
% ============================================================================

@misc{uga2025,
  title={University of Georgia Official Website},
  institution={University of Georgia},
  year={2025},
  url={https://www.uga.edu/},
  note={Accessed May 2025}
}

@misc{purdue2025,
  title={Purdue University Official Website},
  institution={Purdue University},
  year={2025},
  url={https://www.purdue.edu/},
  note={Accessed May 2025}
}

@misc{lsu2025,
  title={Louisiana State University Official Website},
  institution={Louisiana State University},
  year={2025},
  url={https://www.lsu.edu/},
  note={Accessed May 2025}
}

@misc{msu2025,
  title={Michigan State University Official Website},
  institution={Michigan State University},
  year={2025},
  url={https://www.msu.edu/},
  note={Accessed May 2025}
}

@misc{vt2025,
  title={Virginia Tech Official Website},
  institution={Virginia Tech},
  year={2025},
  url={https://www.vt.edu/},
  note={Accessed May 2025}
}

@misc{berkeley2025,
  title={University of California-Berkeley Official Website},
  institution={University of California-Berkeley},
  year={2025},
  url={https://www.berkeley.edu/},
  note={Accessed May 2025}
}

% ============================================================================
% SPECIFIC UNIVERSITY PROGRAMS AND DEPARTMENTS
% ============================================================================

@misc{uga_warnell2025,
  title={Warnell School of Forestry and Natural Resources},
  institution={University of Georgia},
  year={2025},
  url={https://warnell.uga.edu/},
  note={Accessed May 2025}
}

@misc{uga_odum2025,
  title={Odum School of Ecology},
  institution={University of Georgia},
  year={2025},
  url={https://ecology.uga.edu/},
  note={Accessed May 2025}
}

@misc{purdue_fnr2025,
  title={Department of Forestry and Natural Resources},
  institution={Purdue University},
  year={2025},
  url={https://www.purdue.edu/fnr/},
  note={Accessed May 2025}
}

@misc{lsu_rnr2025,
  title={School of Renewable Natural Resources},
  institution={Louisiana State University},
  year={2025},
  url={https://www.lsu.edu/agriculture/rnr/},
  note={Accessed May 2025}
}

% ============================================================================
% COMPUTING AND TECHNOLOGY RESOURCES
% ============================================================================

@misc{purdue_rcac2025,
  title={Rosen Center for Advanced Computing},
  institution={Purdue University},
  year={2025},
  url={https://www.rcac.purdue.edu/},
  note={High-performance computing resources}
}

@misc{lsu_cct2025,
  title={Center for Computation and Technology},
  institution={Louisiana State University},
  year={2025},
  url={https://cct.lsu.edu/},
  note={Computing and technology center}
}

@misc{msu_hpc2025,
  title={High Performance Computing Center},
  institution={Michigan State University},
  year={2025},
  url={https://icer.msu.edu/},
  note={High-performance computing resources}
}

% ============================================================================
% AI AND DATA SCIENCE INITIATIVES
% ============================================================================

@misc{purdue_computes2025,
  title={Purdue Computes Initiative},
  institution={Purdue University},
  year={2025},
  url={https://www.purdue.edu/president/strategic-initiatives/next-moves/purdue-computes/},
  note={AI and computing strategic initiative}
}

@misc{uga_iai2025,
  title={Institute for Artificial Intelligence},
  institution={University of Georgia},
  year={2025},
  url={https://ai.uga.edu/},
  note={AI research institute}
}

@misc{lsu_ai2025,
  title={LSU AI Research},
  institution={Louisiana State University},
  year={2025},
  url={https://www.lsu.edu/ai/},
  note={AI research initiatives}
}

@misc{sec_ai2025,
  title={SEC Artificial Intelligence Consortium},
  institution={Southeastern Conference},
  year={2025},
  url={https://www.secsports.com/sec-artificial-intelligence-consortium},
  note={Accessed May 4, 2025}
}

% ============================================================================
% ETHICS AND RESPONSIBLE RESEARCH
% ============================================================================

@misc{uga_ethics2025,
  title={Environmental Ethics Certificate Program},
  institution={University of Georgia},
  year={2025},
  url={https://ced.uga.edu/programs/certificates/eecp/},
  note={Accessed May 6, 2025}
}

@misc{lsu_ethics2025,
  title={Artificial Intelligence Working Group},
  institution={Louisiana State University},
  year={2025},
  url={https://www.lsu.edu/ethics/artificial-intelligence-working-group.php},
  note={Accessed May 4, 2025}
}

@misc{umn_ethics2025,
  title={Research Ethics Day Conference - The Ethical Use of Artificial Intelligence in Research},
  institution={University of Minnesota},
  year={2025},
  url={https://www.hhh.umn.edu/event/research-ethics-day-conference-ethical-use-artificial-intelligence-research-challenges},
  note={Accessed May 6, 2025}
}

% ============================================================================
% GEOSPATIAL AND REMOTE SENSING
% ============================================================================

@misc{uga_cgr2025,
  title={Center for Geospatial Research},
  institution={University of Georgia},
  year={2025},
  url={https://cgr.uga.edu/},
  note={Geospatial research center}
}

@misc{ncsu_geospatial2025,
  title={Center for Geospatial Analytics},
  institution={North Carolina State University},
  year={2025},
  url={https://cnr.ncsu.edu/geospatial/},
  note={Accessed May 4, 2025}
}

@misc{lsu_gis2025,
  title={GIS Graduate Certificate Program},
  institution={Louisiana State University},
  year={2025},
  url={https://www.lsu.edu/ga/programs/giscertificate.php},
  note={Accessed May 4, 2025}
}

% ============================================================================
% CONFERENCES AND SYMPOSIA
% ============================================================================

@misc{wvu_ai_symposium2025,
  title={WVU AI Symposium},
  institution={West Virginia University},
  year={2025},
  url={https://health.wvu.edu/research-and-graduate-education/wvu-ai-symposium/},
  note={Accessed May 7, 2025}
}

@misc{uk_ai_symposium2024,
  title={Fall 2024 UK Artificial Intelligence and Machine Learning Research Symposium},
  institution={University of Kentucky},
  year={2024},
  url={https://research.uky.edu/events/fall-2024-uk-artificial-intelligence-and-machine-learning-research-symposium},
  note={Accessed May 6, 2025}
}

@misc{uwsp_symposium2025,
  title={Jim and Katie Krause CNR Student Research Symposium},
  institution={University of Wisconsin-Stevens Point},
  year={2025},
  url={https://www3.uwsp.edu/cnr/StudentSymposium/},
  note={Accessed May 7, 2025}
}

@misc{yale_ai_symposium2025,
  title={Call for Proposals: Envisioning Artificial Intelligence at Yale: An Interdisciplinary Symposium},
  institution={Yale University},
  year={2025},
  url={https://ysph.yale.edu/event/ai-at-yale-update/},
  note={Accessed May 7, 2025}
}

% ============================================================================
% DATA SCIENCE AND ANALYTICS PROGRAMS
% ============================================================================

@misc{uga_datascience2025,
  title={Data Science Programs},
  institution={University of Georgia},
  year={2025},
  url={https://datascience.uga.edu/},
  note={Data science academic programs}
}

@misc{purdue_idsi2025,
  title={Integrative Data Science Initiative},
  institution={Purdue University},
  year={2025},
  url={https://www.purdue.edu/data-science/},
  note={Data science initiative}
}

@misc{lsu_data2025,
  title={Office of Data and Strategic Analytics},
  institution={Louisiana State University},
  year={2025},
  url={https://www.lsu.edu/data/},
  note={Accessed May 4, 2025}
}

% ============================================================================
% FORESTRY AND NATURAL RESOURCES ACCREDITATION
% ============================================================================

@misc{saf_accreditation2025,
  title={Society of American Foresters Accreditation},
  institution={Society of American Foresters},
  year={2025},
  url={https://www.eforester.org/Education/Accreditation},
  note={Professional accreditation standards}
}

@misc{forestry_programs2025,
  title={Accredited Forestry Programs},
  institution={Society of American Foresters},
  year={2025},
  url={https://www.eforester.org/Education/Accredited-Programs},
  note={List of SAF-accredited programs}
}

% ============================================================================
% DIGITAL AGRICULTURE AND PRECISION FARMING
% ============================================================================

@misc{lsu_digital_ag2025,
  title={Digital Agriculture},
  institution={Louisiana State University AgCenter},
  year={2025},
  url={https://www.lsuagcenter.com/topics/digital-agriculture},
  note={Accessed May 4, 2025}
}

@misc{msu_digital_ag2025,
  title={Digital Agriculture and AI in Agriculture Conference},
  institution={Mississippi State University},
  year={2025},
  url={https://www.msstate.edu/newsroom/article/2022/02/march-innovative-conference-artificial-intelligence-agriculture-co},
  note={Accessed May 4, 2025}
}

% ============================================================================
% HIGH PERFORMANCE COMPUTING AND INFRASTRUCTURE
% ============================================================================

@misc{purdue_anvil2025,
  title={Anvil Supercomputer},
  institution={Purdue University},
  year={2025},
  url={https://www.rcac.purdue.edu/compute/anvil/},
  note={High-performance computing system}
}

@misc{lsu_hpc2025,
  title={High Performance Computing Resources},
  institution={Louisiana State University},
  year={2025},
  url={https://www.hpc.lsu.edu/},
  note={Accessed May 4, 2025}
}

@misc{msu_hpc2025,
  title={High Performance Computing Center},
  institution={Michigan State University},
  year={2025},
  url={https://icer.msu.edu/},
  note={High-performance computing resources}
}

% ============================================================================
% FACULTY RESEARCH AND EXPERTISE
% ============================================================================

@misc{uga_faculty2025,
  title={Warnell School Faculty Directory},
  institution={University of Georgia},
  year={2025},
  url={https://warnell.uga.edu/people/faculty},
  note={Faculty research profiles}
}

@misc{purdue_faculty2025,
  title={FNR Faculty Directory},
  institution={Purdue University},
  year={2025},
  url={https://www.purdue.edu/fnr/people/faculty/},
  note={Faculty research profiles}
}

@misc{lsu_faculty2025,
  title={RNR Faculty Directory},
  institution={Louisiana State University},
  year={2025},
  url={https://www.lsu.edu/agriculture/rnr/people/faculty/},
  note={Faculty research profiles}
}

% ============================================================================
% STUDENT PROGRAMS AND CERTIFICATES
% ============================================================================

@misc{uga_certificates2025,
  title={Certificate Programs},
  institution={University of Georgia},
  year={2025},
  url={https://warnell.uga.edu/academics/certificates},
  note={Professional certificate programs}
}

@misc{purdue_minors2025,
  title={Digital Natural Resources Minor},
  institution={Purdue University},
  year={2025},
  url={https://www.purdue.edu/fnr/academics/undergraduate/minors/},
  note={Academic minor programs}
}

@misc{lsu_minors2025,
  title={Minor Programs},
  institution={Louisiana State University},
  year={2025},
  url={https://www.lsu.edu/agriculture/rnr/academics/minors/},
  note={Academic minor programs}
}

% ============================================================================
% RESEARCH PROJECTS AND GRANTS
% ============================================================================

@misc{perseus2025,
  title={PERSEUS: Promoting Economic Resilience and Sustainability of the Eastern US Forests},
  institution={Purdue University},
  year={2025},
  note={USDA-funded research project}
}

@misc{hef2025,
  title={Hardwood Ecosystem Experiment (HEE)},
  institution={Purdue University},
  year={2025},
  note={Long-term forest management study}
}

@misc{aiira2025,
  title={AI Institute for Resilient Agriculture},
  institution={Iowa State University},
  year={2025},
  note={NSF-funded AI research institute}
}

% ============================================================================
% OUTREACH AND EXTENSION PROGRAMS
% ============================================================================

@misc{uga_extension2025,
  title={Warnell Outreach and Extension},
  institution={University of Georgia},
  year={2025},
  url={https://warnell.uga.edu/extension},
  note={Public service programs}
}

@misc{purdue_extension2025,
  title={Purdue Extension},
  institution={Purdue University},
  year={2025},
  url={https://extension.purdue.edu/},
  note={Extension and outreach programs}
}

@misc{lsu_extension2025,
  title={LSU AgCenter Extension},
  institution={Louisiana State University},
  year={2025},
  url={https://www.lsuagcenter.com/},
  note={Agricultural extension programs}
}
